<?xml version="1.0" encoding="UTF-8"?>
<record>
  <leader>00000nai#a2200000#c#4500</leader>
  <controlfield tag="005">20210204181600.0</controlfield>
  <controlfield tag="007">cr#|||||||||||</controlfield>
  <controlfield tag="008">010216|2013####gw##|###o#####|####|eng#c</controlfield>
  <controlfield tag="001">990015940770206447</controlfield>
  <datafield tag="035" ind1=" " ind2=" ">
    <subfield code="a">WU000082879</subfield>
  </datafield>
  <datafield tag="035" ind1=" " ind2=" ">
    <subfield code="a">(DE-468)WU000082879</subfield>
  </datafield>
  <datafield tag="035" ind1=" " ind2=" ">
    <subfield code="a">(Aleph)001594077WUP01-Aleph</subfield>
  </datafield>
  <datafield tag="016" ind1="7" ind2=" ">
    <subfield code="a">021468745</subfield>
    <subfield code="2">DE-101b</subfield>
  </datafield>
  <datafield tag="016" ind1="7" ind2=" ">
    <subfield code="a">1071542664</subfield>
    <subfield code="2">OCoLC</subfield>
  </datafield>
  <datafield tag="022" ind1=" " ind2=" ">
    <subfield code="a">1436-3429</subfield>
  </datafield>
  <datafield tag="022" ind1=" " ind2=" ">
    <subfield code="a">1436-3429</subfield>
    <subfield code="2">6</subfield>
  </datafield>
  <datafield tag="029" ind1="a" ind2="d">
    <subfield code="a">2190-3484</subfield>
  </datafield>
  <datafield tag="035" ind1=" " ind2=" ">
    <subfield code="a">(OCoLC)1071542664</subfield>
  </datafield>
  <datafield tag="035" ind1=" " ind2=" ">
    <subfield code="a">(DE-599)ZDB2039693-4</subfield>
  </datafield>
  <datafield tag="040" ind1=" " ind2=" ">
    <subfield code="a">0700</subfield>
    <subfield code="b">ger</subfield>
    <subfield code="c">DNB</subfield>
    <subfield code="d">9001</subfield>
  </datafield>
  <datafield tag="041" ind1=" " ind2=" ">
    <subfield code="a">eng</subfield>
  </datafield>
  <datafield tag="044" ind1=" " ind2=" ">
    <subfield code="c">XA-DE</subfield>
  </datafield>
  <datafield tag="084" ind1=" " ind2=" ">
    <subfield code="a">17,1</subfield>
    <subfield code="2">ssgn</subfield>
  </datafield>
  <datafield tag="084" ind1=" " ind2=" ">
    <subfield code="a">17,2</subfield>
    <subfield code="2">ssgn</subfield>
  </datafield>
  <datafield tag="084" ind1=" " ind2=" ">
    <subfield code="a">510</subfield>
    <subfield code="q">DE-600</subfield>
    <subfield code="2">zdbs</subfield>
  </datafield>
  <datafield tag="090" ind1=" " ind2=" ">
    <subfield code="n">ad</subfield>
    <subfield code="n">nl</subfield>
  </datafield>
  <datafield tag="222" ind1=" " ind2="0">
    <subfield code="a">Zentralblatt Math</subfield>
    <subfield code="b">Internet</subfield>
  </datafield>
  <datafield tag="245" ind1="0" ind2="0">
    <subfield code="a">zbMATH open</subfield>
    <subfield code="b">the first resource for mathematics</subfield>
    <subfield code="c">FIZ Karlsruhe, The European Mathematical Society, Heidelberg Akademie der Wissenschaften</subfield>
  </datafield>
  <datafield tag="246" ind1="3" ind2=" ">
    <subfield code="a">Zentralblatt MATH</subfield>
  </datafield>
  <datafield tag="246" ind1="3" ind2=" ">
    <subfield code="a">ZMATH</subfield>
  </datafield>
  <datafield tag="246" ind1="1" ind2=" ">
    <subfield code="i">Abweichender Titel</subfield>
    <subfield code="a">Zentralblatt MATH</subfield>
  </datafield>
  <datafield tag="246" ind1="1" ind2=" ">
    <subfield code="i">Nebent.:</subfield>
    <subfield code="a">ZMATH</subfield>
  </datafield>
  <datafield tag="247" ind1="0" ind2="0">
    <subfield code="a">Zentralblatt MATH database</subfield>
    <subfield code="f">Haupttitel bis 2013</subfield>
  </datafield>
  <datafield tag="247" ind1="0" ind2="0">
    <subfield code="a">zbMath</subfield>
    <subfield code="f">Haupttitel 2014-2020</subfield>
  </datafield>
  <datafield tag="264" ind1="3" ind2="1">
    <subfield code="a">[Karlsruhe]</subfield>
    <subfield code="b">FIZ Karlsruhe GmbH</subfield>
    <subfield code="c">[2013]-</subfield>
    <subfield code="3">[2013]-</subfield>
  </datafield>
  <datafield tag="264" ind1=" " ind2="1">
    <subfield code="a">Berlin</subfield>
    <subfield code="a">Heidelberg</subfield>
    <subfield code="b">Springer</subfield>
    <subfield code="3">2013-[?]</subfield>
  </datafield>
  <datafield tag="300" ind1=" " ind2=" ">
    <subfield code="a">Online-Ressource</subfield>
  </datafield>
  <datafield tag="336" ind1=" " ind2=" ">
    <subfield code="b">txt</subfield>
  </datafield>
  <datafield tag="337" ind1=" " ind2=" ">
    <subfield code="b">c</subfield>
  </datafield>
  <datafield tag="338" ind1=" " ind2=" ">
    <subfield code="b">cr</subfield>
  </datafield>
  <datafield tag="500" ind1=" " ind2=" ">
    <subfield code="a">Bisherige Zählung: 1.1931 -. - Gesehen am 15.01.2021</subfield>
    <subfield code="9">F:501</subfield>
  </datafield>
  <datafield tag="591" ind1=" " ind2=" ">
    <subfield code="a">6999!URL-Ä(29-04-20)464!IR-Änderung(15-10-21)</subfield>
  </datafield>
  <datafield tag="655" ind1=" " ind2="7">
    <subfield code="a">Datenbank</subfield>
    <subfield code="0">(DE-588)4011119-2</subfield>
    <subfield code="2">gnd-content</subfield>
  </datafield>
  <datafield tag="689" ind1="0" ind2="0">
    <subfield code="a">Mathematik</subfield>
    <subfield code="D">s</subfield>
    <subfield code="0">(DE-588)4037944-9</subfield>
  </datafield>
  <datafield tag="689" ind1="0" ind2="1">
    <subfield code="a">Zeitschrift</subfield>
    <subfield code="A">f</subfield>
  </datafield>
  <datafield tag="689" ind1="0" ind2="2">
    <subfield code="a">Online-Ressource</subfield>
    <subfield code="D">s</subfield>
    <subfield code="0">(DE-588)4511937-5</subfield>
  </datafield>
  <datafield tag="689" ind1="0" ind2=" ">
    <subfield code="5">ZDB</subfield>
  </datafield>
  <datafield tag="689" ind1="1" ind2="0">
    <subfield code="a">Mathematik</subfield>
    <subfield code="D">s</subfield>
    <subfield code="0">(DE-588)4037944-9</subfield>
  </datafield>
  <datafield tag="689" ind1="1" ind2="1">
    <subfield code="a">Zeitschrift</subfield>
    <subfield code="A">f</subfield>
  </datafield>
  <datafield tag="689" ind1="1" ind2="2">
    <subfield code="a">Online-Publikation</subfield>
    <subfield code="A">f</subfield>
  </datafield>
  <datafield tag="689" ind1="1" ind2=" ">
    <subfield code="5">ZDB</subfield>
  </datafield>
  <datafield tag="710" ind1="2" ind2=" ">
    <subfield code="a">European Mathematical Society</subfield>
    <subfield code="0">(DE-588)5156063-X</subfield>
    <subfield code="4">isb</subfield>
  </datafield>
  <datafield tag="710" ind1="2" ind2=" ">
    <subfield code="a">Fachinformationszentrum Karlsruhe</subfield>
    <subfield code="0">(DE-588)2106160-9</subfield>
    <subfield code="4">isb</subfield>
  </datafield>
  <datafield tag="710" ind1="2" ind2=" ">
    <subfield code="a">Heidelberger Akademie der Wissenschaften</subfield>
    <subfield code="0">(DE-588)2004744-7</subfield>
    <subfield code="4">isb</subfield>
  </datafield>
  <datafield tag="776" ind1="0" ind2="8">
    <subfield code="i">Digital. Ausg.</subfield>
    <subfield code="t">Zentralblatt für Mathematik und ihre Grenzgebiete</subfield>
    <subfield code="d">Berlin ; Heidelberg : Springer, 1931-1973</subfield>
    <subfield code="h">Online-Ressource</subfield>
    <subfield code="x">0044-4235</subfield>
    <subfield code="w">(DE-605)HT014526291</subfield>
  </datafield>
  <datafield tag="776" ind1="0" ind2="8">
    <subfield code="i">Druckausg. bis 900.1999</subfield>
    <subfield code="t">Zentralblatt für Mathematik und ihre Grenzgebiete</subfield>
    <subfield code="d">Berlin ; Heidelberg : Springer, 1931-1999</subfield>
    <subfield code="x">0044-4235</subfield>
    <subfield code="w">(DE-605)HT002213262</subfield>
  </datafield>
  <datafield tag="776" ind1="0" ind2="8">
    <subfield code="i">Druckausg. 901.1999 - 1174.2009</subfield>
    <subfield code="t">Zentralblatt MATH</subfield>
    <subfield code="d">Berlin : Springer, 1999-2009</subfield>
    <subfield code="x">1436-3356</subfield>
    <subfield code="w">(DE-605)HT009822135</subfield>
  </datafield>
  <datafield tag="776" ind1="0" ind2="8">
    <subfield code="i">CD-ROM-Ausg.</subfield>
    <subfield code="t">Zentralblatt MATH</subfield>
    <subfield code="d">Berlin ; Heidelberg : Springer, 1998-</subfield>
    <subfield code="h">CD-ROMs</subfield>
    <subfield code="x">0938-3174</subfield>
    <subfield code="w">(DE-605)HT010080623</subfield>
  </datafield>
  <datafield tag="776" ind1="0" ind2="8">
    <subfield code="i">CD-ROM-Ausg.</subfield>
    <subfield code="t">CompactMATH</subfield>
    <subfield code="d">Heidelberg [u.a.] : Springer New Media, 1991-1998</subfield>
    <subfield code="h">CD-ROMs</subfield>
    <subfield code="x">0938-3174</subfield>
    <subfield code="w">(DE-605)HT004168632</subfield>
  </datafield>
  <datafield tag="776" ind1="0" ind2="8">
    <subfield code="i">Online-Ausg. eines enthaltenen Werkes</subfield>
    <subfield code="t">Electronic research archive for mathematics</subfield>
    <subfield code="d">Karlsruhe : FIZ, 2001-</subfield>
    <subfield code="h">Online-Ressource</subfield>
    <subfield code="w">(DE-605)HT015801472</subfield>
  </datafield>
  <datafield tag="856" ind1="4" ind2="0">
    <subfield code="u">http://www.zbmath.org</subfield>
    <subfield code="x">Verlag</subfield>
    <subfield code="z">kostenfrei</subfield>
  </datafield>
  <datafield tag="856" ind1="4" ind2="0">
    <subfield code="u">http://dbis.uni-regensburg.de/frontdoor.php?titel_id=180</subfield>
    <subfield code="x">DBIS</subfield>
  </datafield>
  <datafield tag="912" ind1=" " ind2=" ">
    <subfield code="a">ZDB-1-ZBM</subfield>
  </datafield>
  <datafield tag="912" ind1=" " ind2=" ">
    <subfield code="a">ZDB-1-ZBMK</subfield>
  </datafield>
  <datafield tag="960" ind1="1" ind2=" ">
    <subfield code="z">lzZDB</subfield>
  </datafield>
  <datafield tag="962" ind1=" " ind2=" ">
    <subfield code="e">ZDB-1-ZBM</subfield>
    <subfield code="e">ZDB-1-ZBMK</subfield>
  </datafield>
  <datafield tag="MBD" ind1=" " ind2=" ">
    <subfield code="M">49HBZ_WUP</subfield>
    <subfield code="i">990015940770206447</subfield>
    <subfield code="n">Bergische Universität Wuppertal</subfield>
  </datafield>
  <datafield tag="MNG" ind1=" " ind2=" ">
    <subfield code="c">System</subfield>
    <subfield code="f">ILS</subfield>
    <subfield code="i">marc21</subfield>
    <subfield code="k">01</subfield>
    <subfield code="e">false</subfield>
    <subfield code="d">2023-04-02 04:02:16 Europe/Berlin</subfield>
    <subfield code="g">001594077-WUP01</subfield>
    <subfield code="j">60</subfield>
    <subfield code="a">import</subfield>
    <subfield code="b">2021-04-06 09:43:56 Europe/Berlin</subfield>
  </datafield>
</record>
